@article{
mmd-uot,
title={{MMD-Regularized Unbalanced Optimal Transport}},
author={Piyushi Manupriya and Jagarlapudi, Saketha Nath and Pratik Jawanpuria},
journal={Transactions on Machine Learning Research},
year={2024a},
publisher = {JMLR.org}
}


@inproceedings{cuturi13a,
	Author = {Cuturi, Marco},
	Booktitle = {NIPS},
	Date-Added = {2020-08-16 10:47:04 +0530},
	Date-Modified = {2020-08-16 18:11:53 +0530},
	Title = {{Sinkhorn Distances: Lightspeed Computation of Optimal Transport}},
	Year = {2013},
    publisher = {Curran Associates Inc.}
}

@inproceedings{de2022neural,
  title={{Neural Estimation of Submodular Functions with Applications to Differentiable Subset Selection}},
  author={De, Abir and Chakrabarti, Soumen},
  booktitle={NeurIPS},
  year={2022},
    publisher = {Curran Associates Inc.}
}

@book{monge,
  added-at = {2017-02-08T16:54:11.000+0100},
  author = {Monge, Gaspard},
  publisher = {De l'Imprimerie Royale},
  title = {{M{\'e}moire sur la th{\'e}orie des d{\'e}blais et des remblais}},
  year = {1781}
}



@inproceedings{Courty17domAda,
  author    = {Nicolas Courty and
               R{\'{e}}mi Flamary and
               Amaury Habrard and
               Alain Rakotomamonjy},
  title     = {{Joint Distribution Optimal Transportation for Domain Adaptation}},
  booktitle = {NIPS},
  year      = {2017a},
  publisher = {Curran Associates Inc.}
}

@ARTICLE{courty17b,  
author={Nicolas Courty and
               R{\'{e}}mi Flamary and Devis Tuia and Alain Rakotomamonjy}, 
journal={IEEE TPAMI},  
title={{Optimal Transport for Domain Adaptation}},   
year={2017b},
publisher={IEEE},
volume={39},
  number={9},
  pages={1853-1865},
}  


@article{cellot,
	author = {Charlotte Bunne and Stefan G. Stark and Gabriele Gut and Jacobo Sarabia del Castillo and Mitchell Levesque and Kjong-Van Lehmann and Lucas Pelkmans and Andreas Krause and Gunnar Ratsch},
	journal = {Nature Methods},
	publisher = {Nature Publishing Group},
	title = {{Learning Single-Cell Perturbation Responses using Neural Optimal Transport}},
	year = {2023},
	month = {August},
    volume={20},
    number={11},
    pages={1759–1768}
}

%doi = {10.1101/2021.12.15.472775}

@article{bioapp19,
author = {Schiebinger, Geoffrey and Shu, Jian and Tabaka, Marcin and Cleary, Brian and Subramanian, Vidya and Solomon, Aryeh and Gould, Joshua and Liu, Siyan and Lin, Stacie and Berube, Peter and Lee, Lia and Chen, Jenny and Brumbaugh, Justin and Rigollet, Philippe and Hochedlinger, Konrad and Jaenisch, Rudolf and Regev, Aviv and Lander, Eric},
year = {2019a},
pages={928-943},
title = {{Optimal-Transport Analysis of Single-Cell Gene Expression Identifies Developmental Trajectories in Reprogramming}},
volume = {176},
number={4},
journal = {Cell},
publisher={Elsevier}
}

 @InProceedings{TNet20, 
 title = {{TrajectoryNet: A Dynamic Optimal Transport Network for Modeling Cellular Dynamics}}, 
 author = {Tong, Alexander and Huang, Jessie and Wolf, Guy and Van Dijk, David and Krishnaswamy, Smita}, 
 booktitle = {ICML}, 
 year = {2020},
publisher={PMLR}
}

@article{
extDSF,
title={{Extended Deep Submodular Functions}}, 
author={Seyed Mohammad Hosseini and Arash Jamshid and Seyed Mahdi Noormousavi and Mahdi Jafari Siavoshani and Naeimeh Omidvar},
journal={Transactions on Machine Learning Research},
year={2024},
publisher = {JMLR.org}
}

@inproceedings{dsf,
    author       = {Jeffrey A. Bilmes and
                  Wenruo Bai},
  title        = {{Deep Submodular Functions}},
    booktitle = {NIPS},
    year = {2017},
    publisher = {Curran Associates Inc.}
}

@InProceedings{cot,
  title = 	 {{Consistent Optimal Transport with Empirical Conditional Measures}},
  author =       {Manupriya, Piyushi and Das, Rachit Keerti and Biswas, Sayantan and Jagarlapudi, Saketha Nath},
  booktitle = 	 {AISTATS},
  year = {2024c},
publisher={PMLR}
}

@InProceedings{sot,
  title = 	 {{Submodular Framework for Structured-Sparse Optimal Transport}},
  author =       {Manupriya, Piyushi and Jawanpuria, Pratik and Gurumoorthy, Karthik S and Jagarlapudi, Saketha Nath and Mishra, Bamdev},
  booktitle = 	 {ICML},
  publisher = {PMLR},
  year = {2024b}
}

@article{DBLP:journals/mp/NemhauserWF78,
  author    = {George L. Nemhauser and
               Laurence A. Wolsey and
               Marshall L. Fisher},
  title     = {{An Analysis of Approximations for Maximizing Submodular Set Functions
               - {I}}},
  journal   = {Mathematical Programming},
  volume    = {14},
  number    = {1},
  year={1978},
  pages={265-294}
}


@inproceedings{ot-kme,
    author    = {J. Saketha Nath and
               Pratik Jawanpuria},
    title     = {{Statistical Optimal Transport posed as Learning Kernel Embedding}},
    booktitle = {NeurIPS},
    year = {2020},
publisher = {Curran Associates Inc.}
}


@article{Muandet_2017,
   title={{Kernel Mean Embedding of Distributions: A Review and Beyond}},
   volume={10},
   number={1–2},
   journal={Foundations and Trends in Machine Learning},
   publisher={Now Publishers Inc.},
   author={Muandet, Krikamol and Fukumizu, Kenji and Sriperumbudur, Bharath and Schölkopf, Bernhard},
   year={2017},
   pages={1–141} }

@InProceedings{sea-nn,
  title = 	 {{Improving Attribution Methods by Learning Submodular Functions}},
  author =       {Manupriya, Piyushi and Ram Menta, Tarun and Jagarlapudi, Sakethanath N. and Balasubramanian, Vineeth N.},
  booktitle = 	 {AISTATS},
  year = {2022},
publisher={PMLR}
}


@article{kolodziejczyk15a,
title = {{The Technology and Biology of Single-Cell RNA Sequencing}},
journal = {Molecular Cell},
volume = {58},
number = {4},
pages = {610-620},
year = {2015},
author = {Aleksandra. A. Kolodziejczyk and Jong Kyoung Kim and Valentine Svensson and John. C. Marioni and Sarah. A. Teichmann}
}

@article {wagner16a,
	author = {A.~Wagner and  A.~Regev and N.~Yosef},
	title = {{Revealing  the Vectors of Cellular Identity with Single-Cell Genomics}},
	year = {2016},
    volume = {34},
    pages = {1145–1160},
	journal = {Nature Biotechnology}
}


@inproceedings{
liu2023sparsityconstrained,
title={{Sparsity-Constrained Optimal Transport}},
author={Tianlin Liu and Joan Puigcerver and Mathieu Blondel},
booktitle={ICLR},
year={2023},
}

@InProceedings{clark2022unified,
  title = {{Unified Scaling Laws for Routed Language Models}},
  author = {Clark, Aidan and Casas, Diego de las and Guy, Aurelia and Mensch, Arthur and Paganini, Michela and Hoffmann, Jordan and Damoc, Bogdan and Hechtman, Blake and Cai, Trevor and Borgeaud, Sebastian and Driessche, George van den and Rutherford, Eliza and Hennigan, Tom and Johnson, Matthew and Millican, Katie and Cassirer, Albin and Jones, Chris and Buchatskaya, Elena and Budden, David and Sifre, Laurent and Osindero, Simon and Vinyals, Oriol and Rae, Jack and Elsen, Erich and Kavukcuoglu, Koray and Simonyan, Karen},
  year = {2022},
  booktitle = {ICML},
publisher={PMLR}
}

@inproceedings{ijcai2023p679,
  title     = {{Group Sparse Optimal Transport for Sparse Process Flexibility Design}},
  author    = {Luo, Dixin and Yu, Tingting and Xu, Hongteng},
  booktitle = {{IJCAI}},
  year      = {2023},
  note      = {AI for Good},
}

@inproceedings{arase-etal-2023-unbalanced,
    title = {{Unbalanced Optimal Transport for Unbalanced Word Alignment}},
    author = "Arase, Yuki  and
      Bao, Han  and
      Yokoi, Sho",
    booktitle = {ACL},
    year={2023},
publisher={Association for Computational Linguistics}
}

@article{Caffarelli2010FreeBI,
  title={{Free Boundaries in Optimal Transport and Monge-Ampere Obstacle Problems}},
  author={Luis Caffarelli and Robert J. McCann},
  journal={Annals of Mathematics},
  year={2010},
  volume={171},
  pages={673-730},
}

@inproceedings{
chen2022towards,
title={{Towards Understanding the Mixture-of-Experts Layer in Deep Learning}},
author={Zixiang Chen and Yihe Deng and Yue Wu and Quanquan Gu and Yuanzhi Li},
booktitle={NeurIPS},
year={2022},
publisher = {Curran Associates Inc.}
}

@article{ChizatPSV18,
  title={{Scaling Algorithms for Unbalanced Optimal Transport Problems}},
  author={L{\'e}na{\"i}c Chizat and Gabriel Peyr{\'e} and Bernhard Schmitzer and François-Xavier Vialard},
  journal={Mathematics of Computation},
  year={2017},
  volume={87},
number={314},
  pages={2563-2609}
} 

@inproceedings{JaliliSabet2020SimAlignHQ,
  title={{SimAlign: High Quality Word Alignments without Parallel Training Data using Static and Contextualized Embeddings}},
  author={Masoud Jalili Sabet and Philipp Dufter and Hinrich Sch{\"u}tze},
  booktitle={EMNLP},
  year={2020},
publisher = {Association for Computational Linguistics}
}

@inproceedings{Dyer2013ASF,
  title={{A Simple, Fast, and Effective Reparameterization of IBM Model 2}},
  author={Chris Dyer and Victor Chahuneau and Noah A. Smith},
  booktitle={NAACL-HLT},
  year={2013},
publisher={Association for Computational Linguistics}
}

@inproceedings{mirzasoleiman15a,
  author    = {Mirzasoleiman, B. and Badanidiyuru, A. and Karbasi, A. and Vondr\'{a}k, J. and Krause, A.},
  title     = {{Lazier than Lazy Greedy}},
  booktitle = {AAAI},
  year      = {2015},
publisher={AAAI Press}
}
@article{DasKempe18,
author = {Das, Abhimanyu and Kempe, David},
title = {{Approximate Submodularity and its Applications: Subset Selection, Sparse Approximation and Dictionary Selection}},
year = {2018},
issue_date = {January 2018},
publisher = {JMLR.org},
volume = {19},
number = {1},
journal = {Journal of Machine Learning Research},
month = {Jan},
pages = {74–107},
numpages = {34}
}
@inproceedings{gurumoorthy19a,
  title={{Efficient Data Representation by Selecting Prototypes with Importance Weights}},
  author={K.~S.~Gurumoorthy and A.~Dhurandhar and G.~Cecchi and C.~Aggarwal},
  booktitle={IEEE ICDM},
  year={2019}
}

@InProceedings{pmlr-v80-chen18b,
  title = 	 {{Weakly Submodular Maximization Beyond Cardinality Constraints: Does Randomization Help Greedy?}},
  author =       {Chen, Lin and Feldman, Moran and Karbasi, Amin},
  booktitle = 	 {ICML},
  year = 	 {2018},
publisher={PMLR}
}
@inproceedings{shazeer2017,
title={{Outrageously Large Neural Networks: The Sparsely-Gated Mixture-of-Experts Layer}},
author={Noam Shazeer and Azalia Mirhoseini and Krzysztof Maziarz and Andy Davis and Quoc Le and Geoffrey Hinton and Jeff Dean},
booktitle={ICLR},
year={2017}
}

@inproceedings{devlin-etal-2019-bert,
    title = {{BERT: Pre-training of Deep Bidirectional Transformers for Language Understanding}},
    author = "Devlin, Jacob  and
      Chang, Ming-Wei  and
      Lee, Kenton  and
      Toutanova, Kristina",
    year = "2019",
    publisher = {Association for Computational Linguistics}
}
@INPROCEEDINGS{JordanandJacob,
  author={Jordan, M.I. and Jacobs, R.A.},
  booktitle={IEEE ICNN}, 
  title={{Hierarchical Mixtures of Experts and the EM Algorithm}}, 
  year={1993},
  volume={2},
  number={},
  pages={1339-1344},
publisher={IEEE}
  }
@inproceedings{he2016residual,
  added-at = {2024-01-08T12:26:11.000+0100},
  author = {He, Kaiming and Zhang, Xiangyu and Ren, Shaoqing and Sun, Jian},
  booktitle = {CVPR},
  title = {{Deep Residual Learning for Image Recognition}},
  year = 2016,
publisher={IEEE}
}
@inproceedings{swanson-etal-2020-rationalizing,
    title = {{Rationalizing Text Matching: Learning Sparse Alignments via Optimal Transport}},
    author = "Swanson, Kyle  and
      Yu, Lili  and
      Lei, Tao",
    booktitle = "ACL",
    year = "2020",
publisher={Association for Computational Linguistics}
}
@misc{Krizhevsky2009LearningML,
  title={{Learning Multiple Layers of Features from Tiny Images}},
  author={Alex Krizhevsky},
  year={2009}
}
@inproceedings{EigenRS13,
  author       = {David Eigen and
                  Marc'Aurelio Ranzato and
                  Ilya Sutskever},
  title        = {{Learning Factored Representations in a Deep Mixture of Experts}},
  booktitle    = {ICLR, Workshop Track Proceedings},
  year         = {2014},
}
@article{Jacobs1991AdaptiveMO,
  title={{Adaptive Mixtures of Local Experts}},
  author={Robert A. Jacobs and Michael I. Jordan and Steven J. Nowlan and Geoffrey E. Hinton},
  journal={Neural Computation},
  year={1991},
  volume={3},
  number={1},
  pages={79-87},
publisher={MIT Press}
}
@InProceedings{fatras2019learnwass,
author    = {Fatras, Kilian and Zine, Younes and Flamary, Rémi and Gribonval, Rémi and Courty, Nicolas},
title     = {{Learning with Minibatch Wasserstein: Asymptotic and Gradient Properties}},
booktitle = {AISTATS},
year      = {2020},
publisher={PMLR}
}
@InProceedings{bomb-ot,
    title={{On Transportation of Mini-batches: A Hierarchical Approach}}, 
    author={Khai Nguyen and Dang Nguyen and Quoc Nguyen and Tung Pham and Hung Bui and Dinh Phung and Trung Le and Nhat Ho},
    booktitle={ICML},
    year={2022},
publisher={PMLR}
}
@article{gershgorin1931uber,
  title={{Über die Abgrenzung der Eigenwerte einer Matrix}},
  author={Gershgorin, Semyon Aronovich},
  journal={Izv. Akad. Nauk. USSR Otd. Fiz.-Mat. Nauk},
  volume={7},
  pages={749-754},
  year={1931}
}
@inproceedings{Khanna2017ScalableGF,
  title={{Scalable Greedy Feature Selection via Weak Submodularity}},
  author={Rajiv Khanna and Ethan R. Elenberg and Alexandros G. Dimakis and Sahand N. Negahban and Joydeep Ghosh},
  booktitle={AISTATS},
  year={2017},
publisher={PMLR}
}
@article{Elenberg18,
author = {Ethan R. Elenberg and Rajiv Khanna and Alexandros G. Dimakis and Sahand Negahban},
title = {{Restricted Strong Convexity Implies Weak Submodularity}},
volume = {46},
journal = {The Annals of Statistics},
number = {6B},
publisher = {Institute of Mathematical Statistics},
pages = {3539 - 3568},
keywords = {greedy algorithms, restricted strong convexity, Submodular functions, subset selection},
year = {2018},
}
@article{peyre2019computational,
  title={{Computational Optimal Transport: With Applications to Data Science}},
  author={Peyr{\'e}, Gabriel and Cuturi, Marco and others},
  journal={Foundations and Trends in Machine Learning},
  volume={11},
  number={5-6},
  pages={355-607},
  year={2019},
  publisher={Now Publishers Inc.}
}
@misc{Song08,
  author = {Le Song},
  title = {{Learning via Hilbert Space Embedding of Distributions}},
  booktitle = {PhD Thesis},
  year = {2008},
note = {PhD Thesis}
}

@misc{bonet2023leveraging,
    title={{Leveraging Optimal Transport via Projections on Subspaces for Machine Learning Applications}},
    author={Bonet, Clément},
    year={2023},
    booktitle = {PhD Thesis},
note = {PhD Thesis}
}

@article{Howard2017MobileNetsEC,
  title={{MobileNets: Efficient Convolutional Neural Networks for Mobile Vision Applications}},
  author={Andrew G. Howard and Menglong Zhu and Bo Chen and Dmitry Kalenichenko and Weijun Wang and Tobias Weyand and Marco Andreetto and Hartwig Adam},
  journal={arXiv preprint arXiv:1704.04861},
year={2017}
}

@inproceedings{arjovsky17a,
author = {Arjovsky, Martin and Chintala, Soumith and Bottou, L\'{e}on},
title = {{Wasserstein Generative Adversarial Networks}},
year = {2017},
booktitle = {ICML},
publisher={PMLR}
}
@article{solomon15a,
author = {Solomon, Justin and de Goes, Fernando and Peyr\'{e}, Gabriel and Cuturi, Marco and Butscher, Adrian and Nguyen, Andy and Du, Tao and Guibas, Leonidas},
title = {{Convolutional Wasserstein Distances: Efficient Optimal Transportation on Geometric Domains}},
year = {2015},
volume = {34},
number = {4},
pages = {66:1-66:11},
journal = {ACM Transactions on Graphics}
}  


@inproceedings{muzellec17a,
  title={{Tsallis Regularized Optimal Transport and Ecological Inference}},
  author={Muzellec, B. and Nock, R. and Patrini, G. and Nielsen, F.},
  booktitle={AAAI},
  year={2017},
publisher={AAAI Press}
}

@article{Liero2018,
author="Liero, Matthias
and Mielke, Alexander
and Savar{\'e}, Giuseppe",
title={{Optimal Entropy-Transport problems and a New Hellinger-Kantorovich Distance between Positive Measures}},
journal="Inventiones Mathematicae",
year="2018",
volume="211",
number="3",
pages="969-1117"
}

@inproceedings{NIPS2017_dfd7468a,
 author = {Li, Chun-Liang and Chang, Wei-Cheng and Cheng, Yu and Yang, Yiming and Poczos, Barnabas},
 booktitle = {NIPS},
 title = {{MMD GAN: Towards Deeper Understanding of Moment Matching Network}},
 year = {2017},
 publisher = {Curran Associates Inc.}
}


@InProceedings{strucOT,
  title = 	 {{Structured Optimal Transport}},
  author = 	 {Alvarez-Melis, David and Jaakkola, Tommi and Jegelka, Stefanie},
  booktitle = 	 {AISTATS},
  year = 	 {2018a},
publisher={PMLR}
}

@article{bilmes,
  author    = {Jeffrey Bilmes},
  title     = {{Submodularity In Machine Learning and Artificial Intelligence}},
  year      = {2022},

}

@misc{krause08thesis,
	author = {Andreas Krause},
	month = {Dec},
	school = {Carnegie Mellon University},
	title = {{Optimizing Sensing: Theory and Applications}},
    year = {2008},
note = {PhD Thesis}
}



@InProceedings{cadgan,
  title = 	 {{Kernel Mean Matching for Content Addressability of GANs}},
  author =       {Jitkrittum, Wittawat and Sangkloy, Patsorn and Gondal, Muhammad Waleed and Raj, Amit and Hays, James and Sch{\"o}lkopf, Bernhard},
  booktitle = 	 {ICML},
  year = 	 {2019},
publisher={PMLR}
}


@inproceedings{
dwivedi2022generalized,
title={{Generalized Kernel Thinning}},
author={Raaz Dwivedi and Lester Mackey},
booktitle={ICLR},
year={2022}
}

@article{essid18a,
    author = {Essid, Montacer and Solomon, Justin},
    title = {{Quadratically Regularized Optimal Transport on Graphs}},
    journal = {SIAM Journal on Scientific Computing},
    volume = {40},
    number = {4},
    pages = {A1961-A1986},
    year = {2018}
}

@inproceedings{maccartney08,
title={{A Phrase-based Alignment Model for Natural Language Inference}},
author={MacCartney, B. and Galley, M. and Manning, C.~D.},
booktitle={EMNLP},
year={2008},
publisher = {Association for Computational Linguistics}
}

@inproceedings{feldman19,
title={{Multi-hop Paragraph Retrieval for Open-Domain Question Answering}},
author={Feldman, Y. and El-Yaniv, R.},
booktitle={ACL},
year={2019},
publisher={Association for Computational Linguistics}
}

@inproceedings{yao13,
    title = {{A Lightweight and High Performance Monolingual Word Aligner}},
    author = "Yao, Xuchen  and
      Van Durme, Benjamin  and
      Callison-Burch, Chris  and
      Clark, Peter",
    booktitle = "ACL",
    year = "2013",
publisher={Association for Computational Linguistics}
}

@inproceedings{brook21,
    title = {{QA-Align: Representing Cross-Text Content Overlap by Aligning Question-Answer Propositions}},
    author = "Brook Weiss, Daniela  and
      Roit, Paul  and
      Klein, Ayal  and
      Ernst, Ori  and
      Dagan, Ido",
    booktitle = "EMNLP",
    year = "2021",
publisher = {Association for Computational Linguistics}
}

@inproceedings{devlin19,
    title = {{BERT: Pre-training of Deep Bidirectional Transformers for Language Understanding}},
    author = "Devlin, Jacob  and
      Chang, Ming-Wei  and
      Lee, Kenton  and
      Toutanova, Kristina",
    booktitle = "NAACL",
    year = "2019",
publisher={Association for Computational Linguistics}
}

@article{vandermaaten08a,
  author  = {Laurens van der Maaten and Geoffrey Hinton},
  title   = {{Visualizing Data using t-SNE}},
  journal = {Journal of Machine Learning Research},
  year    = {2008},
  volume  = {9},
  number  = {86},
  pages   = {2579-2605},
publisher = {JMLR.org}
}

%%%%COT%%%%%
@misc{hahn2019atlantic,
      title={{Atlantic Causal Inference Conference ({ACIC}) Data Analysis Challenge 2017}}, 
      author={P. Richard Hahn and Vincent Dorie and Jared S. Murray},
      year={2019},
      journal={arXiv preprint arXiv:1905.09515},
}

@inproceedings{Cuturi22,
 author = {Bunne, Charlotte and Krause, Andreas and Cuturi, Marco},
 booktitle = {NeurIPS},
 title = {{Supervised Training of Conditional Monge Maps}},
 year = {2022},
publisher = {Curran Associates Inc.}
}

@InProceedings{rad,
author="Maurer, Andreas",
title={{A Vector-Contraction Inequality for Rademacher Complexities}},
booktitle={ALT},
publisher={PMLR},
year="2016"
}



@inproceedings{Frogner15,
 author = {Frogner, Charlie and Zhang, Chiyuan and Mobahi, Hossein and Araya, Mauricio and Poggio, Tomaso A},
 booktitle = {NIPS},
 title = {{Learning with a Wasserstein Loss}},
 year = {2015},
 publisher = {Curran Associates Inc.}
}

@article{Tabak21,
  author       = {Esteban G. Tabak and
                  Giulio Trigila and
                  Wenjun Zhao},
  title        = {{Data Driven Conditional Optimal Transport}},
  journal      = {Machine Learning},
  volume       = {110},
  number       = {11},
  pages        = {3135-3155},
  year         = {2021}
}

@article{characteristicK,
author = {Sriperumbudur, Bharath K. and Fukumizu, Kenji and Lanckriet, Gert R. G.},
title = {{Universality, Characteristic Kernels and RKHS Embedding of Measures}},
year = {2011},
volume = {12},
journal = {Journal of Machine Learning Research},
month = {jul},
pages = {2389–2410},
numpages = {22},
publisher = {JMLR.org}
}

@article{coop,
author = {Zhou, Kaiyang and Yang, Jingkang and Loy, Chen Change and Liu, Ziwei},
title = {{Learning to Prompt for Vision-Language Models}},
year = {2022},
publisher = {Kluwer Academic Publishers},
volume = {130},
number = {9},
journal = {International Journal of Computer Vision},
month = {Sep},
pages = {2337–2348},
numpages = {12}
}

@InProceedings{Bures,
    author    = {Luo, You-Wei and Ren, Chuan-Xian},
    title     = {{Conditional Bures Metric for Domain Adaptation}},
    booktitle = {CVPR},
    year      = {2021},
publisher={IEEE}
}


@article{bojanowski-etal-2017-enriching,
    title = {{Enriching Word Vectors with Subword Information}},
    author = "Bojanowski, Piotr  and
      Grave, Edouard  and
      Joulin, Armand  and
      Mikolov, Tomas",
    journal = "Transactions of the Association for Computational Linguistics",
    volume = "5",
    year = "2017",
    publisher = "MIT Press",
    pages = "135-146",
}


@article{krizhevsky2009learning,
  title={{Learning Multiple Layers of Features from Tiny Images}},
  author={Krizhevsky, Alex and Hinton, Geoffrey and others},
  year={2009},
  publisher={Toronto, ON, Canada}
}

@INPROCEEDINGS{5206594,

  author={Lampert, Christoph H. and Nickisch, Hannes and Harmeling, Stefan},

  booktitle={CVPR}, 

  title={{Learning to Detect Unseen Object Classes by Between-class Attribute Transfer}}, 

  year={2009},
publisher={IEEE}

  }


@article{mnist,
  added-at = {2010-06-28T21:16:30.000+0200},
  author = {LeCun, Yann and Cortes, Corinna},
  title = {{MNIST Handwritten Digit Database}},
  year = 2010
}

@article{Sriperumbudur09onintegral,
    author = {Bharath K. Sriperumbudur and Kenji Fukumizu and Arthur Gretton and Bernhard Schölkopf and Gert R. G. Lanckriet},
    title = {{On Integral Probability Metrics, Phi-Divergences and Binary Classification}},
    year = {2009},
    journal={arXiv preprint arXiv:0901.2698}
}


@inproceedings{
korotin2023neural,
title={{Neural Optimal Transport}},
author={Alexander Korotin and Daniil Selikhanovych and Evgeny Burnaev},
booktitle={ICLR},
year={2023}
}


@inproceedings{Cao22,
 author = {Cao, Zongsheng and Xu, Qianqian and Yang, Zhiyong and He, Yuan and Cao, Xiaochun and Huang, Qingming},
 booktitle = {NeurIPS},
 title = {{OTKGE: Multi-modal Knowledge Graph Embeddings via Optimal Transport}},
 year = {2022},
publisher = {Curran Associates Inc.}
}

@inproceedings{liu2020semantic,
    title={{Semantic Correspondence as an Optimal Transport Problem}},
    author={Liu, Yanbin and Zhu, Linchao and Yamada, Makoto and Yang, Yi},
    booktitle={CVPR},
    year={2020},
publisher={IEEE}
}

@article{flamary2021pot,
  author  = {R{\'e}mi Flamary and Nicolas Courty and Alexandre Gramfort and Mokhtar Z. Alaya and Aur{\'e}lie Boisbunon and Stanislas Chambon and Laetitia Chapel and Adrien Corenflos and Kilian Fatras and Nemo Fournier and L{\'e}o Gautheron and Nathalie T.H. Gayraud and Hicham Janati and Alain Rakotomamonjy and Ievgen Redko and Antoine Rolet and Antony Schutz and Vivien Seguy and Danica J. Sutherland and Romain Tavenard and Alexander Tong and Titouan Vayer},
  title   = {{POT: Python Optimal Transport}},
  journal = {Journal of Machine Learning Research},
  year    = {2021},
  volume  = {22},
  number  = {78},
  pages   = {1-8},
publisher = {JMLR.org}
}

@article{Lotfollahi2021.04.14.439903,
  title={{Learning Interpretable Cellular Responses to Complex Perturbations in High-throughput Screens}},
  author={Mohammad Lotfollahi and Anna Klimovskaia Susmelj and Carlo De Donno and Yuge Ji and Ignacio L. Ibarra and F. Alexander Wolf and Nafissa Yakubova and Fabian J Theis and David Lopez-Paz},
  journal={bioRxiv},
  year={2021}
}


@InProceedings{pmlr-v119-makkuva20a,
  title = 	 {{Optimal Transport Mapping via Input Convex Neural Networks}},
  author =       {Makkuva, Ashok and Taghvaei, Amirhossein and Oh, Sewoong and Lee, Jason},
  booktitle = 	 {ICML},
  year = 	 {2020},
publisher={PMLR}
}


@inproceedings{zhang2021tip,
author = {Zhang, Renrui and Zhang, Wei and Fang, Rongyao and Gao, Peng and Li, Kunchang and Dai, Jifeng and Qiao, Yu and Li, Hongsheng},
title = {{Tip-Adapter: Training-Free Adaption Of CLIP for Few-Shot Classification}},
year = {2022},
booktitle = {ECCV},
publisher={Springer}
}

@inproceedings{zhou2022cocoop,
    title={{Conditional Prompt Learning for Vision-Language Models}},
    author={Zhou, Kaiyang and Yang, Jingkang and Loy, Chen Change and Liu, Ziwei},
    booktitle={CVPR},
    year={2022},
publisher={IEEE}
}


@ARTICLE{helber2019eurosat,
  author={Helber, Patrick and Bischke, Benjamin and Dengel, Andreas and Borth, Damian},
  journal={IEEE Journal of Selected Topics in Applied Earth Observations and Remote Sensing}, 
  title={{EuroSAT: A Novel Dataset and Deep Learning Benchmark for Land Use and Land Cover Classification}}, 
  year={2019},
  volume={12},
  number={7},
  pages={2217-2226}
}
%doi={10.1109/JSTARS.2019.2918242}

	doi = {10.1101/2021.12.15.472775},


@article{Stathias2018DrugAD,
  title={{Drug and Disease Signature Integration Identifies Synergistic Combinations in Glioblastoma}},
  author={Vasileios Stathias and Anna M. Jermakowicz and Marie E. Maloof and Michele Forlin and Winston M. Walters and Robert K Suter and Michael A. Durante and Sion L. Williams and J. William Harbour and Claude-Henry Volmar and Nicholas J. Lyons and Claes Wahlestedt and Regina M. Graham and Michael E. Ivan and Ricardo J. Komotar and Jann N. Sarkaria and Aravind Subramanian and Todd R. Golub and Stephan C. Sch{\"u}rer and Nagi G. Ayad},
  journal={Nature Communications},
  year={2018},
    volume={9},
  number={1},
  pages={1-14},
}


@inproceedings{gretton,
  author       = {Steffen Gr{\"{u}}new{\"{a}}lder and
                  Guy Lever and
                  Arthur Gretton and
                  Luca Baldassarre and
                  Sam Patterson and
                  Massimiliano Pontil},
  title        = {{Conditional Mean Embeddings as Regressors}},
  booktitle    = {ICML},
  year         = {2012},
publisher={PMLR}
}

@article{Wolf2018,
author={Wolf, F. Alexander
and Angerer, Philipp
and Theis, Fabian J.},
title={{SCANPY: Large-scale Single-cell Gene Expression Data Analysis}},
journal={Genome Biology},
year={2018},
month={Feb},
day={06},
volume={19},
number={1},
pages={15}
}

% RKD bibtex
@techreport{NBERw28548,
 title = {{Minimax Risk and Uniform Convergence Rates for Nonparametric Dyadic Regression}},
 author = "Graham, Bryan S and Niu, Fengshi and Powell, James L",
 institution = "National Bureau of Economic Research",
 type = "Working Paper",
 series = "Working Paper Series",
 number = "28548",
 year = "2021",
 month = "March",
}


@inproceedings{Song2009HilbertSE,
  title={{Hilbert Space Embeddings of Conditional Distributions with Applications to Dynamical Systems}},
  author={Le Song and Jonathan Huang and Alex Smola and Kenji Fukumizu},
  booktitle={ICML},
  year={2009},
publisher={PMLR}
}

@article{Graham2020MinimaxRA,
  title={{Minimax Risk and Uniform Convergence Rates for Nonparametric Dyadic Regression}},
  author={Bryan S. Graham and Fengshi Niu and James L. Powell},
  journal={NBER Working Paper Series},
  year={2020}
}

@article{sduot,
  title={{Sinkhorn Divergences for Unbalanced Optimal Transport}}, 
  author={Thibault Séjourné and Jean Feydy and François-Xavier Vialard and Alain Trouvé and Gabriel Peyré},
  year={2023a},
  journal   = {arXiv preprint arXiv:1910.12958}
}

@article{sliced-uot,
title={{Unbalanced Optimal Transport Meets Sliced-Wasserstein}}, 
      author={Thibault Séjourné and Clément Bonet and Kilian Fatras and Kimia Nadjahi and Nicolas Courty},
      year={2023b},
journal   = {arXiv preprint arXiv:2306.07176}
}


@article{LiNeykovBalakrishnan,
author = {Michael Li and Matey Neykov and Sivaraman Balakrishnan},
title = {{Minimax Optimal Conditional Density Estimation under Total Variation Smoothness}},
volume = {16},
journal = {Electronic Journal of Statistics},
number = {2},
publisher = {Institute of Mathematical Statistics and Bernoulli Society},
pages = {3937 - 3972},
keywords = {conditional, Density estimation, Minimax optimality, Total variation},
year = {2022},
}
%
doi = {10.1214/22-EJS2037},


@InProceedings{pmlr-v125-kidger20a,
  title = 	 {{Universal Approximation with Deep Narrow Networks}},
  author =       {Kidger, Patrick and Lyons, Terry},
  booktitle = 	 {ICML},
  year = 	 {2020},
publisher={PMLR}
}

@article{Liu2021WassersteinGL,
  title={{Wasserstein Generative Learning of Conditional Distribution}},
  author={Shiao Liu and Xingyu Zhou and Yuling Jiao and Jian Huang},
  journal={arXiv preprint arXiv:2112.10039},
  year={2021}
}


@InProceedings{pmlr-v168-waarde22a,
  title = 	 {{Training Lipschitz Continuous Operators Using Reproducing Kernels}},
  author =       {Waarde, Henk van and Sepulchre, Rodolphe},
  booktitle = 	 {Annual Learning for Dynamics and Control Conference},
  pages={221-233},
  year = 	 {2022},
  volume = 	 {168},
  publisher =    {PMLR},
}

@misc{neyshabur2017implicit,
author = {Behnam Neyshabur},
year = {2017},
title = {{Implicit Regularization in Deep Learning}},
booktitle = {PhD Thesis},
note = {PhD Thesis}
}

%%%%%UOT%%%%%%
@article{minmaxmmd,
author={I. Tolstikhin and B. Sriperumbudur and K. Muandet},
title={{Minimax Estimation of Kernel Mean Embeddings}},
journal = {Journal of Machine Learning Research},
year={2017},
publisher = {JMLR.org}
}


@inproceedings{venkateswara2017deep,
  title={{Deep Hashing Network for Unsupervised Domain Adaptation}},
  author={Venkateswara, Hemanth and Eusebio, Jose and Chakraborty, Shayok and Panchanathan, Sethuraman},
  booktitle={CVPR},
  year={2017},
publisher={IEEE}
}


@article{gretton2015simpler,
  title={{A Simpler Condition for Consistency of a Kernel Independence Test}},
  author={Arthur Gretton},
  journal={arXiv preprint arXiv:1501.06103},
  year={2015}
}

@inproceedings{wgan17,
author = {Arjovsky, Martin and Chintala, Soumith and Bottou, L\'{e}on},
title = {{Wasserstein Generative Adversarial Networks}},
year = {2017},
booktitle = {ICML},
publisher={PMLR}
}

@article{Piccoli2014GeneralizedWD,
  title={{Generalized Wasserstein Distance and its Application to Transport Equations with Source}},
  author={Benedetto Piccoli and Francesco Rossi},
  journal={Archive for Rational Mechanics and Analysis},
  year={2014},
  volume={211},
  pages={335-358},
  number={2},
}

@article{pic2016,
  title={{On Properties of the Generalized Wasserstein Distance}},
  author={Piccoli, Benedetto and Rossi, Francesco},
  journal={Archive for Rational Mechanics and Analysis},
  volume={222},
  number={3},
  pages={1339-1365},
  year={2016},
  publisher={Springer}
}


@book{Heinz11,
author = {Bauschke, Heinz H. and Combettes, Patrick L.},
title = {{Convex Analysis and Monotone Operator Theory in Hilbert Spaces}},
year = {2011},
publisher = {Springer},
edition = {1st}
}

@inproceedings{tvdual,
title={{Kantorovich-Rubinstein Norm and its Application
in the Theory of Lipschitz Spaces}},
author={Leonid~G.~Hanin},
year={1992},
volume={115},
booktitle={Proceedings of the
Americal Mathematical Society},
pages = {345-352}
}
@article{Combettes2018LearningWO,
  title={{Learning with Optimal Interpolation Norms}},
  author={Patrick L. Combettes and Andrew M. McDonald and Charles A. Micchelli and Massimiliano Pontil},
  journal={Numerical Algorithms},
  year={2018},
  volume={81},
  pages={695-717}
}
@article{refId0,
	author = {Bernhard Schmitzer and Benedikt Wirth},
	title = {{Dynamic models of Wasserstein-1-type Unbalanced Transport}},
	journal = {ESAIM: COCV},
	year = 2019,
	volume = 25,
	pages = "23",
}
%
	DOI= "10.1051/cocv/2018017",

@inproceedings{10.5555/3044805.3044969,
author = {Cuturi, Marco and Doucet, Arnaud},
title = {{Fast Computation of Wasserstein Barycenters}},
booktitle = {ICML},
year = {2014},
publisher={PMLR}
}



@inproceedings{GramfortPC15,
  author    = {Alexandre Gramfort and
               Gabriel Peyr{\'{e}} and
               Marco Cuturi},
  title     = {{Fast Optimal Transport Averaging of Neuroimaging Data}},
  booktitle = {IPMI},
  year      = {2015},
publisher={Springer}
}

@InProceedings{agrawal20a,
  title = 	 {{Optimal Bounds between $f$-Divergences and Integral Probability Metrics}},
  author =       {Agrawal, Rohit and Horel, Thibaut},
  booktitle = 	 {ICML},
  year = 	 {2020},
publisher={PMLR}
}

@inproceedings{JanatiMPC20,
  author    = {Hicham Janati and
               Boris Muzellec and
               Gabriel Peyr{\'{e}} and
               Marco Cuturi},
  title     = {{Entropic Optimal Transport between Unbalanced Gaussian Measures has
               a Closed Form}},
  booktitle = {NeurIPS},
  year      = {2020},
publisher = {Curran Associates Inc.}
}

@article{Korman2012OptimalTW,
  title={{Optimal Transportation with Capacity Constraints}},
  author={Jonathan Korman and R. McCann},
  journal={Transactions of the American Mathematical Society},
  year={2012},
  volume={367},
  pages={1501-1521}
}


@inproceedings{FeydySVATP19,
  author    = {Jean Feydy and
               Thibault S{\'{e}}journ{\'{e}} and
               Fran{\c{c}}ois{-}Xavier Vialard and
               Shun{-}ichi Amari and
               Alain Trouv{\'{e}} and
               Gabriel Peyr{\'{e}}},
  title     = {{Interpolating between Optimal Transport and MMD using Sinkhorn Divergences}},
  booktitle = {AISTATS},
  year      = {2019},
publisher={PMLR}
}

@inproceedings{NEURIPS2019_5acdc9ca,
 author = {Mena, Gonzalo and Niles-Weed, Jonathan},
 booktitle = {NeurIPS},
 publisher = {Curran Associates, Inc.},
 title = {{Statistical Bounds for Entropic Optimal Transport: Sample Complexity and the Central Limit Theorem}},
 year = {2019}
}
@ARTICLE{4689383,
  author={Georgiou, Tryphon T. and Karlsson, Johan and Takyar, Mir Shahrouz},
  journal={IEEE Transactions on Signal Processing}, 
  title={{Metrics for Power Spectra: An Axiomatic Approach}}, 
  year={2009},
  volume={57},
  number={3},
  pages={859-867}}
  
@techreport{chizat17,
author={Lenaïc Chizat},
title={{Unbalanced Optimal Transport : Models, Numerical Methods, Applications}},
institution={Universit{e} Paris sciences et lettres},
year={2017}
}
@book{villanioldnew,
author={Cédric Villani},
title={{Optimal Transport: Old and New}},
publisher={Springer},
year={2009},
series={A series of Comprehensive Studies in Mathematics}
}

@book{5426,
	author = {Cédric Villani},
	title = {{Topics in Optimal Transportation}},
	publisher = {American Mathematical Society},
	year = {2003},
	series = {Graduate studies in mathematics}
}

@article{WDA18,
author = {Flamary, R\'{e}mi and Cuturi, Marco and Courty, Nicolas and Rakotomamonjy, Alain},
title = {{Wasserstein Discriminant Analysis}},
year = {2018},
volume = {107},
number = {12},
journal = {Machine Learning},
pages = {1923–1945}
}

@article{SriperumbudurFGSL2012,
  title = {{On the Empirical Estimation of Integral Probability Metrics}},
  author = {Sriperumbudur, B. and Fukumizu, K. and Gretton, A. and Sch{\"o}lkopf, B. and Lanckriet, G.},
  journal = {Electronic Journal of Statistics},
  volume = {6},
  pages = {1550-1599},
  year = {2012}
}
@article{mullergenset97,
author={Alfred Muller}, 
title={{Integral Probability Metrics and their Generating Classes of Functions}},
journal={Advances in Applied Probability},
volume={29},
pages={429-443}, 
year={1997},
  number={2},
}
@inproceedings{alibenj08,
author = {Rahimi, Ali and Recht, Benjamin},
title = {{Weighted Sums of Random Kitchen Sinks: Replacing Minimization with Randomization in Learning}},
booktitle = {NIPS},
year = {2008},
publisher = {Curran Associates Inc.}
}
@inproceedings{ShalevShwartz2009StochasticCO,
  title={{Stochastic Convex Optimization}},
  author={Shai Shalev-Shwartz and Ohad Shamir and Nathan Srebro and Karthik Sridharan},
  booktitle={COLT},
  year={2009}
}
@inproceedings{Ali08approx,
author = {Rahimi, Ali and Recht, Benjamin},
year = {2008},
pages = {555 - 561},
title = {{Uniform Approximation of Functions with Random Bases}},
booktitle = {46th Annual Allerton Conference on Communication, Control, and Computing}
}
@inproceedings{seguy2018large,
author = {Seguy, Vivien. and Damodaran, Bharath B.  and Flamary, Remi and Courty, Nicolas and Rolet, Antoine and Blondel, Mathieu},
title = {{Large-Scale Optimal Transport and Mapping Estimation}},
booktitle = {ICLR},
year = {2018}
}

@inproceedings{Perrot16outofsamp,
author = {Perrot, Micha\"{e}l and Courty, Nicolas and Flamary, R\'{e}mi and Habrard, Amaury},
title = {{Mapping Estimation for Discrete Optimal Transport}},
year = {2016},
booktitle = {Proceedings of the 30th International Conference on Neural Information Processing Systems},
pages = {4204–4212}
}

@MISC{repwork,
	HOWPUBLISHED = "\url{https://www.birs.ca/cmo-workshops/2017/17w5093/report17w5093.pdf}",
	AUTHOR = "Guillaume Carlier and Marco Cuturi and Brendan Pass and Carola Schoenlieb",
	TITLE = {{Optimal Transport meets Probability, Statistics and Machine Learning}},
	MONTH = "May",
	YEAR = "2017"
}

@article{oh2019kernel,
    title={{Kernel Wasserstein Distance}},
    author={Jung Hun Oh and Maryam Pouryahya and Aditi Iyer and Aditya P. Apte and Allen Tannenbaum and Joseph O. Deasy},
    year={2019},
    journal = {arXiv preprint arXiv:1905.09314},
}

@ARTICLE{zhangotkernel19,
author={Z. {Zhang} and M. {Wang} and A. {Nehorai}},
journal={IEEE TPAMI},
title={{Optimal Transport in Reproducing Kernel Hilbert Spaces: Theory and Applications}},
year={2019},
publisher={IEEE},
volume={42},
  number={7},
  pages={1741-1754}
}

@inproceedings{ecoinf17,
author = {Muzellec, Boris and Nock, Richard and Patrini, Giorgio and Nielsen, Frank},
title = {{Tsallis Regularized Optimal Transport and Ecological Inference}},
booktitle = {AAAI},
year = {2017},
publisher={AAAI Press}
}
@inproceedings{Scetbon2021EquitableAO,
  title={{Equitable and Optimal Transport with Multiple Agents}},
  author={Meyer Scetbon and Laurent Meunier and Jamal Atif and Marco Cuturi},
  booktitle={AISTATS},
  year={2021},
publisher={PMLR}
}
@article{mirror,
author = {Beck, Amir and Teboulle, Marc},
title = {{Mirror Descent and Nonlinear Projected Subgradient Methods for Convex Optimization}},
year = {2003},
volume = {31},
number = {3},
journal = {Operations Research Letters},
pages = {167–175}
}
@book{boyd2004convex,
  title={{Convex optimization}},
  author={Boyd, Stephen and Vandenberghe, Lieven},
  year={2004},
  publisher={Cambridge university press}
}
@article{admm,
author = {Boyd, Stephen and Parikh, Neal and Chu, Eric and Peleato, Borja and Eckstein, Jonathan},
title = {{Distributed Optimization and Statistical Learning via the Alternating Direction Method of Multipliers}},
year = {2011},
volume = {3},
number = {1},
journal = {Foundations and Trends in Machine Learning},
pages = {1–122},
publisher={Now Publishers Inc.}
}
@article{Liero2016OptimalTI,
  title={{Optimal Transport in Competition with Reaction: The Hellinger-Kantorovich Distance and Geodesic Curves}},
  author={Matthias Liero and Alexander Mielke and Giuseppe Savar{\'e}},
  journal={SIAM Journal on Mathematical Analysis},
  year={2016},
  volume={48},
number={4},
  pages={2869-2911}
}

@article{karcher2014riemannian,
    title={{Riemannian Center of Mass and so called Karcher Mean}},
    author={Hermann Karcher},
    year={2014},
    journal={arXiv preprint arXiv:1407.2087}
}
@inproceedings{kanagawa14,
  author    = {Motonobu Kanagawa and Kenji Fukumizu},
  title     = {{Recovering Distributions from Gaussian RKHS Embeddings}},
  booktitle = {AISTATS},
publisher={PMLR},
  year      = {2014}
}
@article{gretton12a,
  author  = {Arthur Gretton and Karsten M. Borgwardt and Malte J. Rasch and Bernhard Sch{{\"o}}lkopf and Alexander Smola},
  title   = {{A Kernel Two-Sample Test}},
  journal = {Journal of Machine Learning Research},
  year    = {2012},
  volume  = {13},
  number  = {25},
  pages   = {723-773},
publisher = {JMLR.org}
}

@article{khamis24OT,
      title={{Scalable Optimal Transport Methods in Machine Learning: A Contemporary Survey}}, 
      author={Abdelwahed Khamis and Russell Tsuchida and Mohamed Tarek and Vivien Rolland and Lars Petersson},
      year={2024},
      journal={IEEE TPAMI},
      publisher={IEEE},
pages={1–20}
}

@article{GenevayPC17,
  author = {Genevay, Aude and Peyré, Gabriel and Cuturi, Marco},
  title = {{GAN and VAE from an Optimal Transport Point of View}},
  journal = {arXiv preprint arXiv:1706.01807},
  year = {2017}
}
%
  doi = {10.48550/ARXIV.1706.01807},

@article{Gibbs02,
 author = {Alison L. Gibbs and Francis Edward Su},
 journal = {International Statistical Review / Revue Internationale de Statistique},
 number = {3},
 pages = {419--435},
 publisher = {[Wiley, International Statistical Institute (ISI)]},
 title = {{On Choosing and Bounding Probability Metrics}},
 volume = {70},
 year = {2002}
}


@article{Gabriel20,
  author  = {Carl-Johann Simon-Gabriel and Alessandro Barp and Bernhard Schölkopf and Lester Mackey},
  title   = {{Metrizing Weak Convergence with Maximum Mean Discrepancies}},
  journal = {Journal of Machine Learning Research},
  year    = {2023},
  volume  = {24},
  number  = {184},
  pages   = {1-20},
publisher = {JMLR.org}
}

@article{vayer21,
  author  = {Titouan Vayer and RÃ©mi Gribonval},
  title   = {{Controlling Wasserstein Distances by Kernel Norms with Application to Compressive Statistical Learning}},
  journal = {Journal of Machine Learning Research},
  year    = {2023},
  volume  = {24},
  number  = {149},
  pages   = {1-51},
publisher = {JMLR.org}
}


@article{Torres21,
  author    = {Luis Caicedo Torres and
               Luiz Manella Pereira and
               M. Hadi Amini},
  title     = {{A Survey on Optimal Transport for Machine Learning: Theory and Applications}},
  year      = {2021},
  journal    = {arXiv preprint arXiv:2106.01963}
}

@inproceedings{nguyen20,
  author = {Nguyen, Thanh Tang and Gupta, Sunil and Venkatesh, Svetha},
  title = {{Distributional Reinforcement Learning via Moment Matching}},
  booktitle = {AAAI},
  year = {2021},
publisher={AAAI Press}
}

@inproceedings{Li17,
  
  author = {Li, Chun-Liang and Chang, Wei-Cheng and Cheng, Yu and Yang, Yiming and Póczos, Barnabás},
  
  title = {{MMD GAN: Towards Deeper Understanding of Moment Matching Network}},
  
  booktitle = {NIPS},
  
  year = {2017},

  publisher = {Curran Associates Inc.}
}


@inproceedings{li21,
  
  author = {Li, Yazhe and Pogodin, Roman and Sutherland, Danica J. and Gretton, Arthur},
  
  title = {{Self-Supervised Learning with Kernel Dependence Maximization}},
  
  booktitle = {NeurIPS},
  
  year = {2021},
publisher = {Curran Associates Inc.}
}


@article{Csiszar67,
 author = {I. Csiszar},
 title = {{Information-type Measures of Difference of
 Probability Distributions and Indirect Observations}},
 journal = {Studia Scientiarum Mathematicarum Hungarica},
 volume = {2},
 pages = {299-318},
 year = {1967},
}


@InProceedings{kernelicml24,
  title = 	 {{High-Dimensional Kernel Methods under Covariate Shift: Data-Dependent Implicit Regularization}},
  author =       {Chen, Yihang and Liu, Fanghui and Suzuki, Taiji and Cevher, Volkan},
  booktitle = 	 {ICML},
  year = 	 {2024},
  publisher =    {PMLR},
}

@inproceedings{kernelaistats22,
      title={{Minimax Kernel Machine Learning for a Class of Doubly Robust Functionals with Application to Proximal Causal Inference}}, 
      author={AmirEmad Ghassami and Andrew Ying and Ilya Shpitser and Eric Tchetgen Tchetgen},
      year={2022},
      booktitle={AISTATS},
  publisher =    {PMLR},
}

@inproceedings{kernelicml23,
author = {Bharti, Ayush and Naslidnyk, Masha and Key, Oscar and Kaski, Samuel and Briol, Fran\c{c}ois-Xavier},
title = {{Optimally-weighted Estimators of the Maximum Mean Discrepancy for Likelihood-free Inference}},
year = {2023},
booktitle={ICML},
  publisher =    {PMLR},
}

@article{Hofmann_2008,
	year = 2008,
	month = {Jun},
	publisher = {Institute of Mathematical Statistics},
	volume = {36},
	number = {3},
	author = {Thomas Hofmann and Bernhard Schölkopf and Alexander J. Smola},
	title = {{Kernel Methods in Machine Learning}},
	journal = {The Annals of Statistics},
pages = {1171-1220}
}

@inproceedings{SmolaGSS07,
  author    = {Alexander J. Smola and
               Arthur Gretton and
               Le Song and
               Bernhard Sch{\"{o}}lkopf},
  title     = {{A Hilbert Space Embedding for Distributions}},
  booktitle={ALT}, publisher={PMLR},
  year      = {2007}
}


@article{conden19,
  author    = {Ingmar Schuster and
               Mattes Mollenhauer and
               Stefan Klus and
               Krikamol Muandet},
  title     = {{Kernel Conditional Density Operators}},
  year      = {2019},
  journal    = {arXiv preprint arXiv:1905.11255}
}
@inproceedings{smola07kmm,
author = {Smola, Alex and Gretton, Arthur and Song, Le and Sch\"{o}lkopf, Bernhard},
title = {{A Hilbert Space Embedding for Distributions}},
year = {2007},
booktitle={ALT}, publisher={PMLR},
}

@inproceedings{Fuku14recover,
  author    = {Motonobu Kanagawa and
               Kenji Fukumizu},
  title     = {{Recovering Distributions from Gaussian RKHS Embeddings}},
  booktitle = {AISTATS},
  year      = {2014},
publisher={PMLR}
}
@inproceedings{univker10,
author = {Christmann, Andreas and Steinwart, Ingo},
title = {{Universal Kernels on Non-Standard Input Spaces}},
year = {2010},
booktitle = {NeurIPS},
publisher = {Curran Associates Inc.}
}
@inproceedings{Fuku08,
author = {Fukumizu, Kenji and Gretton, Arthur and Sun, Xiaohai and Sch\"{o}lkopf, Bernhard},
title = {{Kernel Measures of Conditional Dependence}},
year = {2007},
booktitle = {NeurIPS},
publisher = {Curran Associates Inc.}
}
@article{papp,
author = {Papp, Dávid},
year = {2015},
title = {{Semi-Infinite Programming using High-Degree Polynomial Interpolants and Semidefinite Programming}},
volume = {27},
journal = {SIAM Journal on Optimization}
}
@misc{Bagnell15,
author = {J. Andrew (Drew) Bagnell and Amir-massoud Farahmand},
title = {{Learning Positive Functions in a Hilbert Space}},
booktitle = {NIPS Workshop on Optimization, (OPT2015)},
year = {2015},
month = {December},
}
@article{Muandet16mmdshrinkage,
author = {Muandet, Krikamol and Sriperumbudur, Bharath and Fukumizu, Kenji and Gretton, Arthur and Sch\"{o}lkopf, Bernhard},
title = {{Kernel Mean Shrinkage Estimators}},
year = {2016},
volume = {17},
number = {1},
journal = {Journal of Machine Learning Research},
pages = {1656–1696},
publisher = {JMLR.org}
}
@inproceedings{Song09condembd,
author = {Song, Le and Huang, Jonathan and Smola, Alex and Fukumizu, Kenji},
title = {{Hilbert Space Embeddings of Conditional Distributions with Applications to Dynamical Systems}},
year = {2009},
booktitle = {ICML},
publisher={PMLR}
}
@article{KatoroOT,
author={Leonid Kantorovich},
title={{On the Transfer of Masses (in Russian)}},
journal={Doklady Akademii Nauk}, 
volume={37},
number={2},
pages={227-229}, 
year=1942
}

@article{SzaboS17,
  author    = {Zolt{\'{a}}n Szab{\'{o}} and
               Bharath K. Sriperumbudur},
  title     = {{Characteristic and Universal Tensor Product Kernels}},
  journal   = {Journal of Machine Learning Research},
  volume    = {18},
  pages     = {233:1-233:29},
  year      = {2017},
publisher = {JMLR.org}
}
@article{SriperumbudurFL11,
  author    = {Bharath K. Sriperumbudur and
               Kenji Fukumizu and
               Gert R. G. Lanckriet},
  title     = {{Universality, Characteristic Kernels and RKHS Embedding of Measures}},
  journal   = {Journal of Machine Learning Research},
  volume    = {12},
  pages     = {2389-2410},
  year      = {2011},
publisher = {JMLR.org}
}


@inproceedings{Genevay16sgd,
author = {Genevay, Aude and Cuturi, Marco and Peyr\'{e}, Gabriel and Bach, Francis},
title = {{Stochastic Optimization for Large-Scale Optimal Transport}},
year = {2016},
booktitle = {NeurIPS},
publisher = {Curran Associates Inc.}
}


@inproceedings{Gretton06twosample,
author = {Gretton, Arthur and Borgwardt, Karsten M. and Rasch, Malte and Sch\"{o}lkopf, Bernhard and Smola, Alexander J.},
title = {{A Kernel Method for the Two-Sample-Problem}},
year = {2006},
booktitle = {NIPS},
publisher = {Curran Associates Inc.}
}

@inproceedings{Forrow19facCoup,
  author    = {Aden Forrow and
               Jan{-}Christian H{\"{u}}tter and
               Mor Nitzan and
               Philippe Rigollet and
               Geoffrey Schiebinger and
               Jonathan Weed},
  title     = {{Statistical Optimal Transport via Factored Couplings}},
  booktitle = {AISTATS},
  year      = {2019},
publisher={PMLR}
}
@inproceedings{Genevay19sampComp,
  author    = {Aude Genevay and
               L{\'{e}}na{\"{\i}}c Chizat and
               Francis Bach and
               Marco Cuturi and
               Gabriel Peyr{\'{e}}},
  title     = {{Sample Complexity of Sinkhorn Divergences}},
  booktitle = {AISTATS},
  year      = {2019},
publisher={PMLR}
  }
@article{dudley1969,
author = "Dudley, R. M.",
journal = "The Annals of Mathematical Statistics",
number = "1",
pages = "40-50",
title = {{The Speed of Mean Glivenko-Cantelli Convergence}},
volume = "40",
year = "1969"
}
@article{Dobric1995AsymptoticsFT,
  title={{Asymptotics for Transportation Cost in High Dimensions}},
  author={Vladimir Dobric and J. E. Yukich},
  journal={Journal of Theoretical Probability},
  year={1995},
  volume={8},
  pages={97-118}
}
@inproceedings{Jason19nystrom,
title = {{Massively Scalable Sinkhorn Distances via the Nystr\"om Method}},
author = {Altschuler, Jason and Bach, Francis and Rudi, Alessandro and Niles-Weed, Jonathan},
booktitle = {NeurIPS},
year = {2019},
publisher = {Curran Associates Inc.}
}

@misc{Chewi2024StatisticalOT,
  title={{Statistical Optimal Transport}},
  author={Sinho Chewi and Jonathan Niles-Weed and Philippe Rigollet},
  year={2024}
}


@inproceedings{Genevay2017LearningGM,
  title={{Learning Generative Models with Sinkhorn Divergences}},
  author={Aude Genevay and Gabriel Peyr{\'e} and Marco Cuturi},
  booktitle={AISTATS},
  year={2017},
publisher={PMLR}
}
@article{Ruidi18distrob,
author = {Chen, Ruidi and Paschalidis, Ioannis Ch.},
title = {{A Robust Learning Approach for Regression Models Based on Distributionally Robust Optimization}},
year = {2018},
volume = {19},
number = {1},
journal = {Journal of Machine Learning Research},
pages = {517-564},
publisher = {JMLR.org}
}
@inproceedings{Xu2018DistilledWL,
  title={{Distilled Wasserstein Learning for Word Embedding and Topic Modeling}},
  author={Hongteng Xu and Wenlin Wang and Wei Liu and Lawrence Carin},
  booktitle={NeurIPS},
  year={2018},
publisher = {Curran Associates Inc.}
}
@inproceedings{yurochkin2019hierarchical,
  title={{Hierarchical Optimal Transport for Document Representation}},
  author={Yurochkin, Mikhail and Claici, Sebastian and Chien, Edward and Mirzazadeh, Farzaneh and Solomon, Justin M},
  booktitle={NeurIPS},
  year={2019},
publisher = {Curran Associates Inc.}
}
@inproceedings{alvarez18wordEmb,
    title = {{Gromov-Wasserstein Alignment of Word Embedding Spaces}},
    author = "Alvarez-Melis, David  and
      Jaakkola, Tommi",
    booktitle = {EMNLP},
    year = {2018b},
publisher = {Association for Computational Linguistics}
    }

@inproceedings{abs-2104-05802,
    author    = {Dongsheng An and
               Na Lei and
               Xianfeng Gu},
  title     = {{Efficient Optimal Transport Algorithm by Accelerated Gradient Descent}},
    booktitle = {AAAI},
    publisher={AAAI Press},
    year = {2021}
}


@inproceedings{kitchen,
 author = {Rahimi, Ali and Recht, Benjamin},
 booktitle = {NIPS},
 title = {{Weighted Sums of Random Kitchen Sinks: Replacing Minimization with Randomization in Learning}},
 year = {2008},
publisher = {Curran Associates Inc.}
}


@inproceedings{DvurechenskyGK18,
  author    = {Pavel E. Dvurechensky and
               Alexander V. Gasnikov and
               Alexey Kroshnin},
  editor    = {Jennifer G. Dy and
               Andreas Krause},
  title     = {{Computational Optimal Transport: Complexity by Accelerated Gradient
               Descent Is Better Than by Sinkhorn's Algorithm}},
  booktitle = {ICML},
  year      = {2018},
publisher={PMLR}
}



@inproceedings{Lee2015,
 author = {Lee, Jaewoo and Wang, Yue and Kifer, Daniel},
 title = {{Maximum Likelihood Postprocessing for Differential Privacy Under Consistency Constraints}},
 booktitle = {ACM SIGKDD},
 year = {2015}
} 

@inproceedings{Qardaji2014,
 author = {Qardaji, Wahbeh and Yang, Weining and Li, Ninghui},
 title = {{PriView: Practical Differentially Private Release of Marginal Contingency Tables}},
 booktitle = {ACM SIGMOD},
 year = {2014}
 }
 
 @inproceedings{Blum2005,
 author = {Blum, Avrim and Dwork, Cynthia and McSherry, Frank and Nissim, Kobbi},
 title = {{Practical Privacy: The SuLQ Framework}},
 booktitle = {PODS},
 year = {2005},
} 

@inproceedings{MachanavajjhalaKAGV08,
  author    = {Ashwin Machanavajjhala and
               Daniel Kifer and
               John M. Abowd and
               Johannes Gehrke and
               Lars Vilhuber},
  title     = {{Privacy: Theory Meets Practice on the Map}},
  booktitle = {ICDE},
  year = {2008}
} 

@article{JiLE14,
  author    = {Zhanglong Ji and
               Zachary Chase Lipton and
               Charles Elkan},
  title     = {{Differential Privacy and Machine Learning: a Survey and Review}},
  journal   = {CoRR},
  year      = {2014}
  }
  misc{nilesweed2019estimation,
      title={Estimation of {W}asserstein distances in the Spiked Transport Model}, 
      author={Jonathan Niles-Weed and Philippe Rigollet},
      year={2019},
      eprint={1909.07513},
      archivePrefix={arXiv},
      primaryClass={math.ST}
}



@inproceedings{Hsu14,
  author    = {Justin Hsu and
               Marco Gaboardi and
               Andreas Haeberlen and
               Sanjeev Khanna and
               Arjun Narayan and
               Benjamin C. Pierce and
               Aaron Roth},
  title     = {{Differential Privacy: An Economic Method for Choosing Epsilon}},
  booktitle = {{IEEE} 27th Computer Security Foundations Symposium, {CSF}},
  year      = {2014}
 } 
 
@inproceedings{Iyer2014,
    Author = {Arun Iyer and J.~Saketha~Nath and Sunita Sarawagi},
    Title={{Maximum Mean Discrepancy for Class Ratio Estimation}},
    Year = {2014},
    Booktitle = {ICML},
publisher={PMLR}
   }
@inproceedings{Zhang13a,
    Author = {K.~Zhang and B.~Scholkopf and K.~Muandet and Z.~Wang},
    Title={{Domain Adaptation under Target and Conditional Shift}},
    Year = {2013},
    Booktitle = {ICML},
publisher={PMLR}
   }
@article{solobary15,
author = {Solomon, Justin and de Goes, Fernando and Peyr\'{e}, Gabriel and Cuturi, Marco and Butscher, Adrian and Nguyen, Andy and Du, Tao and Guibas, Leonidas},
title = {{Convolutional Wasserstein Distances: Efficient Optimal Transportation on Geometric Domains}},
year = {2015},
publisher = {Association for Computing Machinery},
journal = {ACM Transactions on Graphics},
volume={34},
  number={4},
  pages={66:1-66:11}
}   
@InProceedings{pmlr-v32-solomon14,
  title = 	 {{Wasserstein Propagation for Semi-Supervised Learning}},
  author = 	 {Solomon, Justin and Rustamov, Raif and Guibas, Leonidas and Butscher, Adrian},
  booktitle = 	 {ICML},
  year = 	 {2014},
publisher={PMLR}
}

@article{baryfirst,
author={Martial Agueh and Guillaume Carlier},
title={{Barycenters in the Wasserstein Space}}, journal={SIAM
Journal on Mathematical Analysis},
volume={43},
number={2},
year={2011},
pages={904-924}
}
@article{Rubinstein09,
  author = {Rubinstein, Benjamin I. P. and Bartlett, Peter L. and Huang, Ling and Taft, Nina},
  journal = {Journal of Privacy and Confidentiality},
  title = {{Learning in a Large Function Space: Privacy-Preserving Mechanisms
               for SVM Learning}},
  year = 2012,
  Volume = 4,
  Number = 1  
}

@article{ChaudhuriMS11,
  author    = {Kamalika Chaudhuri and
               Claire Monteleoni and
               Anand D. Sarwate},
  title     = {{Differentially Private Empirical Risk Minimization}},
  journal   = {Journal of Machine Learning Research},
  volume    = {12},
  pages     = {1069-1109},
  year      = {2011},
publisher = {JMLR.org}
  }
  
@article{kifer2012private,
  title={{Private Convex Empirical Risk Minimization and High-Dimensional Regression}},
  author={Kifer, Daniel and Smith, Adam and Thakurta, Abhradeep},
  journal={Journal of Machine Learning Research},
  volume={1},
  pages={41},
  year={2012},
publisher = {JMLR.org}
}

@inproceedings{jain2013differentially,
  title={{Differentially Private Learning with Kernels}},
  author={Jain, Prateek and Thakurta, Abhradeep},
  booktitle={ICML},
  year={2013},
publisher={PMLR}
}

@incollection{Wainwright12,
title = {{Privacy Aware Learning}},
author = {Duchi, John C and Jordan, Michael I and Wainwright, Martin J},
booktitle = {NIPS},
year = {2012},
publisher = {Curran Associates Inc.}
}

@article{ZhouLW09,
  author    = {Shuheng Zhou and
               John D. Lafferty and
               Larry A. Wasserman},
  title     = {{Compressed and Privacy-Sensitive Sparse Regression}},
  journal   = {{IEEE} Transactions on Information Theory},
  volume    = {55},
  number    = {2},
  pages     = {846-866},
  year      = {2009}
}

@inproceedings{LiSZ15,
  author    = {Yujia Li and
               Kevin Swersky and
               Richard S. Zemel},
  title     = {{Generative Moment Matching Networks}},
  booktitle = {ICML},
  year      = {2015},
publisher={PMLR}
  }

@inproceedings{chen2015differentially,
  title={{Differentially Private High-dimensional Data Publication via Sampling-based Inference}},
  author={Chen, Rui and Xiao, Qian and Zhang, Yu and Xu, Jianliang},
  booktitle={ACM SIGKDD},
  year={2015}
}
   
@article{ChenMFDX11,
  author    = {Rui Chen and
               Noman Mohammed and
               Benjamin C. M. Fung and
               Bipin C. Desai and
               Li Xiong},
  title     = {{Publishing Set-Valued Data via Differential Privacy}},
  journal   = {{PVLDB}},
  volume    = {4},
  number    = {11},
  year      = {2011}
  }
  
 @inproceedings{guttmann2013challenges,
  title={{On the Challenges of Balancing Privacy and Utility of Open Health Data}},
  author={Guttmann, Christian and Sun, Xingzhi and Rao, Chaitanya and Queiroz, Carlos and Rubinstein, Benjamin IP},
  booktitle={Joint Proceedings of the Workshop on AI Problems and Approaches for Intelligent Environments and Workshop on Semantic Cities},
  pages={43-47},
  year={2013},
  organization={ACM}
}
  
 @inproceedings{bassily2014private,
  title={{Private Empirical Risk Minimization: Efficient Algorithms and Tight Error Bounds}},
  author={Bassily, Raef and Smith, Adam and Thakurta, Abhradeep},
  booktitle={Foundations of Computer Science (FOCS), 2014 IEEE 55th Annual Symposium on},
  pages={464-473},
  year={2014},
  organization={IEEE}
}

@inproceedings{xin2014controlling,
  title={{Controlling Privacy in Recommender Systems}},
  author={Xin, Yu and Jaakkola, Tommi},
  booktitle={NeurIPS},
  year={2014},
publisher = {Curran Associates Inc.}
}

@article{DworkR14,
  author    = {Cynthia Dwork and
               Aaron Roth},
  title     = {{The Algorithmic Foundations of Differential Privacy}},
  journal   = {Foundations and Trends in Theoretical Computer Science},
  volume    = {9},
  number    = {3-4},
  pages     = {211-407},
  year      = {2014},
publisher = {Now Publishers Inc.}
  }
  
@inproceedings{NockPF15,
  author    = {Richard Nock and
               Giorgio Patrini and
               Arik Friedman},
  title     = {{Rademacher Observations, Private Data, and Boosting}},
  booktitle = {ICML},
  year      = {2015},
publisher={PMLR}
  }
  
  @inproceedings{Patrini14,
  author    = {Giorgio Patrini and
               Richard Nock and
               Tiberio Caetano and
               Paul Rivera},
  title     = {{(Almost) No Label No Cry}},
  booktitle = {NeurIPS},
  year      = {2014},
publisher = {Curran Associates Inc.}
  }
  
  @inproceedings{YuL13,
  author    = {Felix X. Yu and
               Dong Liu and
               Sanjiv Kumar and
               Tony Jebara and
               Shih{-}Fu Chang},
  title     = {{$\propto$SVM for Learning
               with Label Proportions}},
  booktitle = {ICML},
  year      = {2013},
publisher={PMLR}
  }

  
  @article{Quadrianto09,
  author    = {Novi Quadrianto and
               Alexander J. Smola and
               Tib{\'{e}}rio S. Caetano and
               Quoc V. Le},
  title     = {{Estimating Labels from Label Proportions}},
  journal   = {Journal of Machine Learning Research},
  volume    = {10},
  pages     = {2349-2374},
  year      = {2009},
publisher = {JMLR.org}
  }
  
  @inproceedings{Ruping10,
  author    = {Stefan R{\"{u}}ping},
  title     = {{SVM Classifier Estimation from Group Probabilities}},
  booktitle = {ICML},
  year      = {2010},
publisher={PMLR}
  }

@inproceedings{perrot16a,
  title={{Mapping Estimation for Discrete Optimal Transport}},
  author={Perrot, M. and Courty, N. and Flamary, R. and Habrard, A.},
  booktitle={NeurIPS},
  year={2016},
publisher = {Curran Associates Inc.}
}

@inproceedings{donahue14a,
author = {Donahue, J. and Jia, Y. and Vinyals, O. and Hoffman, J. and Zhang, N. and Tzeng, E. and Darrell, T.},
title = {{DeCAF: A Deep Convolutional Activation Feature for Generic Visual Recognition}},
year = {2014},
booktitle = {ICML},
publisher={PMLR}
}


@INPROCEEDINGS{gong12a,
  author={B. {Gong} and Y. {Shi} and F. {Sha} and K. {Grauman}},
  booktitle={CVPR}, 
  title={{Geodesic Flow Kernel for Unsupervised Domain Adaptation}}, 
  year={2012},
publisher={IEEE}
}


@article{lin20a,
	Author = {Lin, T. and Fan, C. and Ho, N. and Cuturi, M. and Jordan, M.},
	Date-Added = {2020-08-16 16:47:04 +0530},
	Date-Modified = {2020-08-16 16:47:04 +0530},
	journal = {arXiv preprint arXiv:2006.07458},
	Title = {{Projection Robust Wasserstein Distance and Riemannian Optimization}},
	Year = {2020}}

@article{shi19a,
	Author = {Shi, D. and Gao, J. and Hong, X. and Choy, S. T. B. and Wang, Z.},
	Date-Added = {2020-08-16 14:07:32 +0530},
	Date-Modified = {2020-08-16 16:48:55 +0530},
	journal = {arXiv preprint arXiv:1911.06905},
	Title = {{Coupling Matrix Manifolds Assisted Optimization for Optimal Transport Problems}},
	Year = {2019}}


@inproceedings{paty19a,
	author = {Paty, F.-P. and Cuturi, M.},
	booktitle = {ICML},
	title = {{Subspace Robust Wasserstein Distances}},
	year = {2019},
publisher={PMLR}
}

@inproceedings{dhouib20a,
	author = {Dhouib, S. and Redko, I. and Kerdoncuff, T. and Emonet, R. and Sebban, M.},
	booktitle = {ICML},
	title = {{A Swiss Army Knife for Minimax Optimal Transport}},
	year = {2020},
publisher={PMLR}
}

@book{Conn_2000,
	Author = {Conn, A. R. and Gould, N. I. M. and Toint, P. L.},
	Date-Added = {2018-05-08 07:03:47 +0000},
	Date-Modified = {2018-05-08 07:06:21 +0000},
	Publisher = {SIAM},
	Series = {MOS-SIAM Series on Optimization},
	Title = {{Trust Region Methods}},
	Year = {2000}}

@article{Li_SIOPT_2001,
	Author = {Li, D. and Fukushima, M.},
	Date-Added = {2017-02-14 05:49:23 +0000},
	Date-Modified = {2017-02-20 02:42:36 +0000},
	Journal = {SIAM Journal on Optimization},
	Number = {4},
	Pages = {1054-1064},
	Title = {{On the Global Convergence of BFGS Method for Nonconvex Unconstrained Optimization}},
	Volume = {11},
	Year = {2011}}

@article{knight08a,
author = {Knight, Philip A.},
title = {{The Sinkhorn–Knopp Algorithm: Convergence and Applications}},
journal = {SIAM Journal on Matrix Analysis and Applications},
volume = {30},
number = {1},
pages = {261-275},
year = {2008}
}

@inproceedings{blondel18a,
	Author = {Blondel, Mathieu and Seguy, Vivien and Rolet, Antoine},
	Booktitle = {AISTATS},
	Title = {{Smooth and Sparse Optimal Transport}},
	Year = {2018},
publisher={PMLR}
}


@inproceedings{rosales06a,
author = {Rosales, R. and Fung, G.},
title = {{Learning Sparse Metrics via Linear Programming}},
year = {2006},
booktitle = {KDD}
}

@inproceedings{qi09a,
author = {Qi, G.-J. and Tang, J. and Zha, Z.-J. and Chua, T.-S. and Zhang, H.-J.},
title = {{An Efficient Sparse Metric Learning in High-Dimensional Space via l1-Penalized Log-Determinant Regularization}},
year = {2009},
booktitle = {ICML},
publisher={PMLR}
}

@inproceedings{forrow19a,
	Author = {Forrow, A. and H\"{u}tter, J.-C. and Nitzan, M. and Rigollet, P.},
	Booktitle = {AISTATS},
	Title = {{Statistical Optimal Transport via Factored Couplings}},
	Year = {2019},
publisher={PMLR}
}

@article {moon19a,
	author = {Moon, Kevin R. and van Dijk, David and Wang, Zheng and Gigante, Scott and Burkhardt, Daniel B. and Chen, William S. and Yim, Kristina and van den Elzen, Antonia and Hirn, Matthew J. and Coifman, Ronald R. and Ivanova, Natalia B. and Wolf, Guy and Krishnaswamy, Smita},
	title = {{Visualizing Structure and Transitions for Biological Data Exploration}},
	year = {2019},
    volume = {37},
    number = {12},
    pages = {1482-1492},
	journal = {Nature Biotechnology}
}

@article{kolodziejczyk15a,
title = {{The Technology and Biology of Single-Cell RNA Sequencing}},
journal = {Molecular Cell},
volume = {58},
number = {4},
pages = {610-620},
year = {2015},
author = {Aleksandra. A. Kolodziejczyk and Jong Kyoung Kim and Valentine Svensson and John. C. Marioni and Sarah. A. Teichmann}
}

@book{botbook,
author={Radu Ioan Bot},
title={{Conjugate Duality
in Convex Optimization}},
year={2010},
series={Lecture Notes in Economics and Mathematical Systems book series},
volume={637},
publisher={Springer Berlin, Heidelberg}
}
@book{vill03,
author = {Villani, C.},
year = {2003},
month = {01},
title = {{Topics in Optimal Transportation Theory}},
volume = {58},
publisher={American Mathematical Society},
series={Graduate Studies in Mathematics}
}
@article {wagner16a,
	author = {A.~Wagner and  A.~Regev and N.~Yosef},
	title = {{Revealing  the Vectors of Cellular Identity with Single-cell Genomics}},
	year = {2016},
    volume = {34},
    pages = {1145–1160},
	journal = {Nature Biotechnology}
}

@article{chizat18a,
title = {{Unbalanced Optimal Transport: Dynamic and Kantorovich Formulations}},
journal = {Journal of Functional Analysis},
volume = {274},
number = {11},
pages = {3090-3123},
year = {2018},
author = {L{\'e}na{\"i}c Chizat and Gabriel Peyr{\'e} and Bernhard Schmitzer and François-Xavier Vialard},
}

@misc{Dua2019 ,
author = "Dua, Dheeru and Graff, Casey",
year = "2017",
title = {{UCI Machine Learning Repository}}
}


@article{nilesweed2019estimation,
author = {Jonathan Niles-Weed and Philippe Rigollet},
title = {{Estimation of Wasserstein distances in the Spiked Transport Model}},
volume = {28},
journal = {Bernoulli},
number = {4},
publisher = {Bernoulli Society for Mathematical Statistics and Probability},
pages = {2663 -- 2688},
year = {2022}
}


@inproceedings{damodaran2018deepjdot,
      title={{DeepJDOT: Deep Joint Distribution Optimal Transport for Unsupervised Domain Adaptation}}, 
      author={Bharath Bhushan Damodaran and Benjamin Kellenberger and Rémi Flamary and Devis Tuia and Nicolas Courty},
      year={2018},
      booktitle={ECCV},
publisher={Springer}
}

@article{bottou2017geometrical,
  title={{Geometrical Insights for Implicit Generative Modeling}},
  author={Bottou, Leon and Arjovsky, Martin and Lopez-Paz, David and Oquab, Maxime},
  journal={Braverman Readings in Machine Learning 2017},
 pages={229-268},
  year={2017},
publisher={Springer}
}

@InProceedings{jumbot,
author    = {Fatras, Kilian and S\'ejourn\'e, Thibault and Courty, Nicolas and Flamary, R\'emi},
title     = {{Unbalanced Minibatch Optimal Transport; Applications to Domain Adaptation}},
booktitle = {ICML},
year      = {2021},
publisher={PMLR}
}

@article{peng2017visda,
  title={{VisDA: The Visual Domain Adaptation Challenge}},
  author={Peng, Xingchao and Usman, Ben and Kaushik, Neela and Hoffman, Judy and Wang, Dequan and Saenko, Kate},
  journal={arXiv preprint arXiv:1710.06924},
  year={2017}
}

@article{usps,
author = {Hull, J. J.},
title = {{A Database for Handwritten Text Recognition Research}},
year = {1994},
publisher = {IEEE},
journal={IEEE TPAMI},
volume = {16},
number = {5},
}

@inproceedings{svhn,
  title={{Reading Digits in Natural Images with Unsupervised Feature Learning}},
  author={Yuval Netzer and Tiejie Wang and Adam Coates and A. Bissacco and Bo Wu and A. Ng},
  year={2011},
  booktitle={NeurIPS},
publisher = {Curran Associates Inc.}
}

@article{mmnist-ganin2016domain,
  title={{Domain-adversarial Training of Neural Networks}},
  author={Ganin, Yaroslav and Ustinova, Evgeniya and Ajakan, Hana and Germain, Pascal and Larochelle, Hugo and Laviolette, Fran{\c{c}}ois and Marchand, Mario and Lempitsky, Victor},
  journal={Journal of Machine Learning Research},
  volume={17},
  number={1},
  pages={2096-2030},
  year={2016},
  publisher={JMLR.org}
}

@misc{lecun-mnisthandwrittendigit-2010,
  author = {LeCun, Yann and Cortes, Corinna},
  title = {{MNIST Handwritten Digit Database}},
  username = {mhwombat},
  year = 2010
}

@inproceedings{altschuler17a,
author = {Altschuler, Jason and Weed, Jonathan and Rigollet, Philippe},
title = {{Near-Linear Time Approximation Algorithms for Optimal Transport via {S}inkhorn Iteration}},
year = {2017},
booktitle = {NeurIPS},
publisher = {Curran Associates Inc.}
}


@InProceedings{pmlr-v151-zhang22d,
  title = 	 {{Cycle Consistent Probability Divergences Across Different Spaces}},
  author =       {Zhang, Zhengxin and Mroueh, Youssef and Goldfeld, Ziv and Sriperumbudur, Bharath},
  booktitle = 	 {AISTATS},
  pages = 	 {7257-7285},
  year = 	 {2022},
  editor = 	 {Camps-Valls, Gustau and Ruiz, Francisco J. R. and Valera, Isabel},
  volume = 	 {151},
  series = 	 {Proceedings of Machine Learning Research},
  month = 	 {28-30 Mar},
  publisher =    {PMLR},
  pdf = 	 {https://proceedings.mlr.press/v151/zhang22d/zhang22d.pdf}
}


@InProceedings{pmlr-v97-gordaliza19a,
  title = 	 {{Obtaining Fairness using Optimal Transport Theory}},
  author =       {Gordaliza, Paula and Barrio, Eustasio Del and Fabrice, Gamboa and Loubes, Jean-Michel},
  booktitle = 	 {ICML},
  year = 	 {2019},
  publisher =    {PMLR}
}

@inproceedings{dognin2018wasserstein,
title={{Wasserstein Barycenter Model Ensembling}},
author={Pierre Dognin and Igor Melnyk and Youssef Mroueh and Jarret Ross and Cicero Dos Santos and Tom Sercu},
booktitle={ICLR},
year={2019}
}

@inproceedings{RSOT,
 author = {Le, Khang and Nguyen, Huy and Nguyen, Quang M and Pham, Tung and Bui, Hung and Ho, Nhat},
 booktitle = {NeurIPS},
 title = {{On Robust Optimal Transport: Computational Complexity and Barycenter Computation}},
 year = {2021},
publisher = {Curran Associates Inc.}
}

@inproceedings{ROT,
 author = {Balaji, Yogesh and Chellappa, Rama and Feizi, Soheil},
 booktitle = {NeurIPS},
 title = {{Robust Optimal Transport with Applications in Generative Modeling and Domain Adaptation}},
 year = {2020},
publisher = {Curran Associates Inc.}
}

@article{permutn,
author = {Michael D. Ernst},
title = {{Permutation Methods: A Basis for Exact Inference}},
volume = {19},
journal = {Statistical Science},
number = {4},
publisher = {Institute of Mathematical Statistics},
pages = {676 - 685},
year = {2004},
}

@inproceedings{dktst,
  title={{Learning Deep Kernels for Non-Parametric Two-Sample Tests}},
  author={Liu, Feng and Xu, Wenkai and Lu, Jie and Zhang, Guangquan and Gretton, Arthur and Sutherland, Danica J.},
  booktitle={ICML},
  year={2020},
publisher={PMLR}
}


@InProceedings{pham20a,
    title={{On Unbalanced Optimal Transport: An Analysis of Sinkhorn Algorithm}}, 
    author={Pham, Khiem and Le, Khang and Ho, Nhat and Pham, Tung and Bui, Hung},
    booktitle={ICML},
    year={2020},
publisher={PMLR}
}


@article{beck09a,
author = {Beck, Amir and Teboulle, Marc},
title = {{A Fast Iterative Shrinkage-Thresholding Algorithm for Linear Inverse Problems}},
journal = {SIAM Journal on Imaging Sciences},
volume = {2},
number = {1},
pages = {183-202},
year = {2009},
}

@inproceedings{nesterov1983method,
  title={{A Method for Solving the Convex Programming Problem with Convergence Rate O (1/k\^{} 2)}},
  author={Nesterov, Yurii E},
  booktitle={Dokl. akad. nauk Sssr},
  volume={269},
  pages={543-547},
  year={1983}
}

@book{nesterov2003introductory,
  title={{Introductory Lectures on Convex Optimization: A Basic Course}},
  author={Nesterov, Yurii},
  volume={87},
  year={2003},
  publisher={Springer}
}

@inproceedings{chen2023plot,
  title={{Prompt Learning with Optimal Transport for Vision-Language Models}},
  author={Chen, Guangyi and Yao, Weiran and Song, Xiangchen and Li, Xinyue and Rao, Yongming and Zhang, Kun},
  booktitle={ICLR},
  year={2023}
}

@InProceedings{oxp,
  author       = "Parkhi, O. M. and Vedaldi, A. and Zisserman, A. and Jawahar, C.~V.",
  title        = {{Cats and Dogs}},
  booktitle    = "CVPR",
  year         = "2012",
publisher={IEEE}
}


@InProceedings{dtd,
	      Author    = {M. Cimpoi and S. Maji and I. Kokkinos and S. Mohamed and A. Vedaldi},
	      Title     = {{Describing Textures in the Wild}},
	      Booktitle = { {CVPR}},
	      Year      = {2014},
publisher={IEEE}
}

@InProceedings{clip,
  title = 	 {{Learning Transferable Visual Models From Natural Language Supervision}},
  author =       {Radford, Alec and Kim, Jong Wook and Hallacy, Chris and Ramesh, Aditya and Goh, Gabriel and Agarwal, Sandhini and Sastry, Girish and Askell, Amanda and Mishkin, Pamela and Clark, Jack and Krueger, Gretchen and Sutskever, Ilya},
  booktitle = 	 {ICML},
  year = 	 {2021},
publisher={PMLR}
}


@inproceedings{Bietti19,
    author={Alberto Bietti and Grégoire Mialon and Dexiong Chen and Julien Mairal},
    title={{A Kernel Perspective for Regularizing Deep Neural Networks}},
    booktitle={ICML},
    year={2019},
publisher={PMLR}
}


@article{dcgan,
author = {Bian, Yuemin and Wang, Junmei and Jun, Jaden Jungho and Xie, Xiang-Qun},
title = {{Deep Convolutional Generative Adversarial Network (DCGAN) Models for Screening and Design of Small Molecules Targeting Cannabinoid Receptors}},
journal = {Molecular Pharmaceutics},
volume = {16},
number = {11},
pages = {4451-4460},
year = {2019},
}

@ARTICLE{sun15a,
  author={Sun, Yanfeng and Gao, Junbin and Hong, Xia and Mishra, Bamdev and Yin, Baocai},
  journal={IEEE TPAMI}, 
  title={{Heterogeneous Tensor Decomposition for Clustering via Manifold Optimization}}, 
  year={2016},
      publisher={IEEE},
volume={38},
  number={3},
  pages={476-489},
}

@inproceedings{sngan,
    author = {Takeru Miyato and Toshiki Kataoka and Masanori Koyama and Yuichi Yoshida},
    title = {{Spectral Normalization for Generative Adversarial Networks}},
    booktitle = {ICLR},
    year = {2018}
}

@inproceedings{ijcai2020p516,
  title     = {{Evaluating Natural Language Generation via Unbalanced Optimal Transport}},
  author    = {Chen, Yimeng and Lan, Yanyan and Xiong, Ruinbin and Pang, Liang and Ma, Zhiming and Cheng, Xueqi},
  booktitle = {IJCAI},
  year      = {2020},
}


@inproceedings{mroueh2020unbalanced,
    author = {Youssef Mroueh and Mattia Rigotti},
    title = {{Unbalanced Sobolev Descent}},
    booktitle = {NeurIPS},
    year = {2020},
publisher = {Curran Associates Inc.}
}

@misc{Ne05,
author={A.~Ben-Tal and A.~Nemirovski},
title={{Lectures On Modern Convex Optimization}},
year={2021}
}

@inproceedings{wgan-gp,
 author = {Gulrajani, Ishaan and Ahmed, Faruk and Arjovsky, Martin and Dumoulin, Vincent and Courville, Aaron C},
 booktitle = {NIPS},
 title = {{Improved Training of Wasserstein GANs}},
 year = {2017},
publisher = {Curran Associates Inc.}
}

@article{Bietti2017GroupIS,
  title={{Group Invariance, Stability to Deformations, and Complexity of Deep Convolutional Representations}},
  author={Alberto Bietti and Julien Mairal},
  journal={Journal of Machine Learning Research},
  year={2017},
  volume={20},
  pages={25:1-25:49},
publisher = {JMLR.org},
}

@inproceedings{Long2017ConditionalAD,
  title={{Conditional Adversarial Domain Adaptation}},
  author={Mingsheng Long and Zhangjie Cao and Jianmin Wang and Michael I. Jordan},
  booktitle={NIPS},
  year={2017},
  publisher = {Curran Associates Inc.}
}

@InProceedings{De_Plaen_2023_CVPR,
    author    = {De Plaen, Henri and De Plaen, Pierre-Fran\c{c}ois and Suykens, Johan A. K. and Proesmans, Marc and Tuytelaars, Tinne and Van Gool, Luc},
    title     = {{Unbalanced Optimal Transport: A Unified Framework for Object Detection}},
    booktitle = {CVPR},
    year      = {2023},
publisher={IEEE}
}

@misc{DBLP:journals/corr/abs-1212-0402,
      author    = {Khurram Soomro and
               Amir Roshan Zamir and
               Mubarak Shah},
  title     = { {UCF101: A Dataset of 101 Human Actions Classes from Videos in the Wild}},
  journal   = {arXiv preprint arXiv:1212.0402},
  year={2012}
}


@inproceedings{Chen2020AdversarialLearnedLF,
  title={{Adversarial-Learned Loss for Domain Adaptation}},
  author={Minghao Chen and Shuai Zhao and Haifeng Liu and Deng Cai},
  booktitle={AAAI},
  year={2020},
publisher={AAAI Press}
}

@article{Sion,
author = {Maurice Sion},
title = {{On General Minimax Theorems}},
volume = {8},
journal = {Pacific Journal of Mathematics},
number = {1},
publisher = {Pacific Journal of Mathematics, A Non-profit Corporation},
pages = {171-176},
year = {1958},
}

@article{Recht2018DoCC,
      title={{Do CIFAR-10 Classifiers Generalize to CIFAR-10?}}, 
      author={Benjamin Recht and Rebecca Roelofs and Ludwig Schmidt and Vaishaal Shankar},
      journal = {arXiv preprint arXiv:1806.00451},
      year={2018}
}


@article{visDA,
  title={{VisDA: The Visual Domain Adaptation Challenge}},
  author={Xingchao Peng and Ben Usman and Neela Kaushik and Judy Hoffman and Dequan Wang and Kate Saenko},
  journal={arXiv preprint arXiv:1710.06924},
  year={2017}
}

@article{Cohen2020,
  title = {{Estimating Barycenters of Measures in High Dimensions}},
  author = {Cohen, Samuel and Arbel, Michael and Deisenroth, Marc Peter},
  journal = {arXiv preprint arXiv:2007.07105},
  year = {2020},
}

@inproceedings{ME,
  title={{Fast Two-Sample Testing with Analytic Representations of Probability Measures}},
  author={Kacper P. Chwialkowski and Aaditya Ramdas and D. Sejdinovic and Arthur Gretton},
  booktitle={NIPS},
  year={2015},
  publisher = {Curran Associates Inc.}
}

@inproceedings{ME2,
  title={{Interpretable Distribution Features with Maximum Testing Power}},
  author={Wittawat Jitkrittum and Zolt{\'a}n Szab{\'o} and Kacper P. Chwialkowski and Arthur Gretton},
  booktitle={NIPS},
  year={2016},
  publisher = {Curran Associates Inc.}
}

@inproceedings{C2STS-S,
    author = {David Lopez-Paz and Maxime Oquab},
    title = {{Revisiting Classifier Two-Sample Tests}},
    booktitle = {ICLR},
    year = {2017}
}


@article{C2ST-L,
  title={{Classification Logit Two-Sample Testing by Neural Networks for Differentiating Near Manifold Densities}},
  author={Xiuyuan Cheng and Alexander Cloninger},
  journal={IEEE Transactions on Information Theory},
  year={2019},
  volume={68},
number={10},
  pages={6631-6662}
}

@inproceedings{wae,
    author = {Ilya O. Tolstikhin and Olivier Bousquet and Sylvain Gelly and Bernhard Sch{\"o}lkopf},
    title = {{Wasserstein Auto-Encoders}},
    booktitle = {ICLR},
    year = {2018}
}

@book{mohri2018foundations,
  title={{Foundations of Machine Learning}},
  author={Mohri, Mehryar and Rostamizadeh, Afshin and Talwalkar, Ameet},
  year={2018},
  edition={Second},
  publisher={MIT Press}
}

@article{prajain,
  title     = {{Non-convex Optimization for Machine Learning}},
  author    = {Prateek Jain and Purushottam Kar},
  year      = {2017},
  publisher = {Now Publishers Inc.},
  journal    = {Foundations and Trends in Machine Learning},
  volume={10},
  number={3-4},
  pages={142-336},
}

@article{LBFGS,
title = {{On the Limited Memory BFGS Method for Large Scale Optimization}},
author = "Liu, {Dong C.} and Jorge Nocedal",
year = "1989",
month = aug,
volume = "45",
pages = "503-528",
journal = "Mathematical Programming",
publisher = "Springer GmbH and Co. KG",
number = "1-3",
}



@InProceedings{KingBa15,
  author    = {Kingma, Diederik and Ba, Jimmy},
  booktitle = {ICLR},
  title     = {{Adam: A Method for Stochastic Optimization}},
  year      = {2015},
}

@article{Bach2011LearningWS,
  title={{Learning with Submodular Functions: A Convex Optimization Perspective}},
  author={Francis R. Bach},
  journal={Foundations and Trends in Machine Learning},
  year={2011},
  volume={6},
number={2-3},
  pages={145-373},
publisher = {Now Publishers Inc.}
}

@book{matroid,
  added-at = {2007-07-05T16:17:35.000+0200},
  author = {Schrijver, A.},
  publisher = {Springer},
  timestamp = {2007-07-05T16:17:37.000+0200},
  title = {{Combinatorial Optimization - Polyhedra and Efficiency}},
  year = 2003
}

@book{matroid-korte12,
  added-at = {2016-11-05T10:23:08.000+0100},
  author = {Korte, B. H. and Vygen, Jens},
  publisher = {Springer },
  refid = {773812755},
  timestamp = {2016-11-05T10:23:29.000+0100},
  title = {{Combinatorial Optimization: Theory and Algorithms}},
  year = 2012
}
%  doi = {10.1007/978-3-642-24488-9},
%isbn = {9783642244889 3642244882 3642244874 9783642244872},


@InProceedings{pmlr-v80-dvurechensky18a,
  title = 	 {{Computational Optimal Transport: Complexity by Accelerated Gradient Descent Is Better Than by Sinkhorn’s Algorithm}},
  author =       {Dvurechensky, Pavel and Gasnikov, Alexander and Kroshnin, Alexey},
  booktitle = 	 {ICML},
  year = 	 {2018},
  publisher =    {PMLR},
}

@article{gonzálezsanz2024sparsityquadraticallyregularizedoptimal,
      title={{Sparsity of Quadratically Regularized Optimal Transport: Scalar Case}}, 
      author={Alberto González-Sanz and Marcel Nutz},
      year={2024},
      journal={arXiv preprint arXiv:2410.03353},
}

@article{wiesel2024sparsityquadraticallyregularizedoptimal,
      title={{Sparsity of Quadratically Regularized Optimal Transport: Bounds on Concentration and Bias}}, 
      author={Johannes Wiesel and Xingyu Xu},
      year={2024},
      journal={arXiv preprint arXiv:2410.03425}
}

@misc{tvayer-thesis,
author = {Vayer, Titouan},
year = {2020},
title = {{A Contribution to Optimal Transport on Incomparable Spaces}},
booktitle = {PhD Thesis},
note = {PhD Thesis}
}

@article{brenier,
  title={{Polar Factorization and Monotone Rearrangement of Vector-Valued Functions}},
  author={Yann Brenier},
  journal={Communications on Pure and Applied Mathematics},
  year={1991},
  volume={44},
  number={4},
  pages={375-417},
}

@book{rudin,
author = {Rudin, Walter},
title = {{Real and Complex Analysis, 3rd Ed.}},
year = {1987},
publisher = {McGraw-Hill, Inc.},
address = {USA}
}

@incollection{GOT,
title = {{GOT: An Optimal Transport Framework for Graph Comparison}},
author = {Petric Maretic, Hermina and El Gheche, Mireille and Chierchia, Giovanni and Frossard, Pascal},
booktitle = {NeurIPS},
year = {2019},
publisher = {Curran Associates, Inc.}
}

@inproceedings{alvarezmelis2020geometricdatasetdistancesoptimal,
      title={{Geometric Dataset Distances via Optimal Transport}}, 
      author={David Alvarez-Melis and Nicolò Fusi},
      year={2020},
publisher = {Curran Associates, Inc.},
booktitle = {NeurIPS}
}

@inproceedings{partitionmalgo,
      title={{Efficient Algorithms for Monotone Non-Submodular Maximization with Partition Matroid Constraint}}, 
      author={Lan N. Nguyen and My T. Thai},
      year={2022},
      booktitle={IJCAI},
}

@inproceedings{lowrankuot,
title={{Unbalanced Low-rank Optimal Transport Solvers}},
author={Meyer Scetbon and Michal Klein and Giovanni Palla and Marco Cuturi},
booktitle={NeurIPS},
year={2023},
publisher = {Curran Associates, Inc.},
}

@article{Kim2022ConditionalWG,
  title={{Conditional Wasserstein Generator}},
  author={Kim, Young-geun and Lee, Kyungbok and Paik, Myunghee Cho},
  journal={IEEE TPAMI},
  year={2022},
  publisher={IEEE},
volume={45},
  number={6},
  pages={7208-7219}
}

@article{interpolationMT,
author = {Bonneel, Nicolas and van de Panne, Michiel and Paris, Sylvain and Heidrich, Wolfgang},
title = {{Displacement Interpolation using Lagrangian Mass Transport}},
year = {2011},
publisher = {Association for Computing Machinery},
journal={ACM Transactions on Graphics},
volume={30},
number={6},
pages={158:1--158:12}
}
  
@article{Sinkhorn,
author = {Richard Sinkhorn},
title = {{A Relationship Between Arbitrary Positive Matrices and Doubly Stochastic Matrices}},
volume = {35},
journal = {The Annals of Mathematical Statistics},
number = {2},
publisher = {Institute of Mathematical Statistics},
pages = {876 -- 879},
year = {1964},
}

@book{santab,
    author = {Santambrogio, Filippo},
    title = {{Optimal Transport for Applied Mathematicians}},
    year = {2015},
publisher = {Springer}
}

@article{lbWass,
  title={{On Lower Bounds for the L2-Wasserstein Metric in a Hilbert Space}},
  author={J. A. Cuesta-Albertos and C. Matrán-Bea and A. Tuero-Diaz},
  journal={Journal of Theoretical Probability},
  volume={9},
  number={2},
  pages={263-283},
  year={1996}
}